<record><leader>00000cas a22000007a 4500</leader><controlfield tag="001">11281220</controlfield><controlfield tag="008">841018d18331837ohuwn ne      0    0eng d</controlfield><controlfield tag="009">3783</controlfield><datafield ind1=" " ind2=" " tag="010"><subfield code="a">sn 84028636 </subfield></datafield><datafield ind1=" " ind2=" " tag="040"><subfield code="a">NPY</subfield><subfield code="b">eng</subfield><subfield code="c">NPY</subfield><subfield code="d">NPV</subfield><subfield code="d">NPX</subfield><subfield code="d">DLC</subfield><subfield code="d">ONP</subfield><subfield code="d">CNW</subfield><subfield code="d">NVF</subfield><subfield code="d">OCL</subfield><subfield code="d">DLC</subfield><subfield code="d">OCLCF</subfield></datafield><datafield ind1="1" ind2=" " tag="029"><subfield code="a">AU@</subfield><subfield code="b">000020121377</subfield></datafield><datafield ind1=" " ind2=" " tag="042"><subfield code="a">msc</subfield></datafield><datafield ind1=" " ind2=" " tag="043"><subfield code="a">n-us-oh</subfield></datafield><datafield ind1="0" ind2="0" tag="050"><subfield code="a">Newspaper</subfield></datafield><datafield ind1="0" ind2=" " tag="130"><subfield code="a">Western hemisphere (Columbus, Ohio)</subfield></datafield><datafield ind1="1" ind2="4" tag="245"><subfield code="a">The Western Hemisphere.</subfield></datafield><datafield ind1="1" ind2="7" tag="246"><subfield code="a">Western hemisphere and Ohio monitor</subfield><subfield code="f">&lt;Jan. 25, 1837&gt;</subfield></datafield><datafield ind1=" " ind2=" " tag="260"><subfield code="a">Columbus, Ohio :</subfield><subfield code="b">John Gilbert &amp; Co.,</subfield><subfield code="c">1833-1837.</subfield></datafield><datafield ind1=" " ind2=" " tag="300"><subfield code="a">v.</subfield></datafield><datafield ind1=" " ind2=" " tag="310"><subfield code="a">Weekly (semiweekly during legislative sessions),</subfield><subfield code="b">1834-June 28, 1837</subfield></datafield><datafield ind1=" " ind2=" " tag="321"><subfield code="a">Weekly,</subfield><subfield code="b">May 1, 1833-1834</subfield></datafield><datafield ind1="0" ind2=" " tag="362"><subfield code="a">Vol. 1, no. 1 (May 1, 1833)-v. 5, no. 8 (June 28, 1837).</subfield></datafield><datafield ind1=" " ind2=" " tag="500"><subfield code="a">Democratic.</subfield></datafield><datafield ind1=" " ind2=" " tag="515"><subfield code="a">Issues for &lt;May 6, 1835&gt;-June 28, 1837 called also whole no. &lt;133&gt;-272.</subfield></datafield><datafield ind1=" " ind2=" " tag="580"><subfield code="a">Campaign ed.: Magician (Columbus, 0hio).</subfield></datafield><datafield ind1=" " ind2="0" tag="651"><subfield code="a">Columbus (Ohio)</subfield><subfield code="v">Newspapers.</subfield></datafield><datafield ind1=" " ind2="0" tag="651"><subfield code="a">Franklin County (Ohio)</subfield><subfield code="v">Newspapers.</subfield></datafield><datafield ind1=" " ind2="7" tag="655"><subfield code="a">Newspapers.</subfield><subfield code="2">fast</subfield><subfield code="0">(OCoLC)fst01423814</subfield></datafield><datafield ind1=" " ind2="7" tag="651"><subfield code="a">Ohio</subfield><subfield code="z">Columbus.</subfield><subfield code="2">fast</subfield><subfield code="0">(OCoLC)fst01205076</subfield></datafield><datafield ind1=" " ind2="7" tag="651"><subfield code="a">Ohio</subfield><subfield code="z">Franklin County.</subfield><subfield code="2">fast</subfield><subfield code="0">(OCoLC)fst01209686</subfield></datafield><datafield ind1=" " ind2=" " tag="752"><subfield code="a">United States</subfield><subfield code="b">Ohio</subfield><subfield code="c">Franklin</subfield><subfield code="d">Columbus.</subfield></datafield><datafield ind1="0" ind2=" " tag="775"><subfield code="t">Daily advertiser (Columbus, Ohio)</subfield><subfield code="w">(DLC)sn 88077625</subfield></datafield><datafield ind1="1" ind2=" " tag="775"><subfield code="t">Magician (Columbus, Ohio)</subfield><subfield code="w">(DLC)sn 88077630</subfield></datafield><datafield ind1="0" ind2="5" tag="780"><subfield code="t">Ohio monitor (Columbus, Ohio : 1825)</subfield><subfield code="g">1836</subfield><subfield code="w">(DLC)sn 84028635</subfield><subfield code="w">(OCoLC)11279965</subfield></datafield><datafield ind1="0" ind2="0" tag="785"><subfield code="t">Ohio statesman (Columbus, Ohio : 1837)</subfield><subfield code="w">(DLC)sn 84028637</subfield><subfield code="w">(OCoLC)11281355</subfield></datafield></record>